<record><leader>00000cas a2200000 a 4500</leader><controlfield tag="001">9429980</controlfield><controlfield tag="008">830420d18401855ohuwr ne      0    0eng c</controlfield><datafield ind1=" " ind2=" " tag="010"><subfield code="a">sn 83035067 </subfield></datafield><datafield ind1=" " ind2=" " tag="040"><subfield code="a">NPY</subfield><subfield code="b">eng</subfield><subfield code="c">NPY</subfield><subfield code="d">DLC</subfield><subfield code="d">NPU</subfield><subfield code="d">ONP</subfield><subfield code="d">KNP</subfield><subfield code="d">ONP</subfield><subfield code="d">MGN</subfield><subfield code="d">OCL</subfield><subfield code="d">CUI</subfield><subfield code="d">DLC</subfield><subfield code="d">OCLCQ</subfield><subfield code="d">OCLCF</subfield></datafield><datafield ind1="1" ind2=" " tag="029"><subfield code="a">AU@</subfield><subfield code="b">000020128113</subfield></datafield><datafield ind1=" " ind2=" " tag="042"><subfield code="a">pcc</subfield></datafield><datafield ind1=" " ind2=" " tag="043"><subfield code="a">n-us-oh</subfield></datafield><datafield ind1="0" ind2="0" tag="050"><subfield code="a">Newspaper</subfield></datafield><datafield ind1="0" ind2=" " tag="130"><subfield code="a">Ohio observer (Hudson, Ohio : 1840)</subfield></datafield><datafield ind1="1" ind2="4" tag="245"><subfield code="a">The Ohio observer.</subfield></datafield><datafield ind1=" " ind2=" " tag="260"><subfield code="a">Hudson [Ohio] :</subfield><subfield code="b">Charles Aiken,</subfield><subfield code="c">1840-1855.</subfield></datafield><datafield ind1=" " ind2=" " tag="300"><subfield code="a">v.</subfield></datafield><datafield ind1=" " ind2=" " tag="310"><subfield code="a">Weekly</subfield></datafield><datafield ind1="0" ind2=" " tag="362"><subfield code="a">Vol. 13, no. 45 (Apr. 16, 1840)-v. 29, no. 43 (June 20, 1855) = whole no. 644-</subfield></datafield><datafield ind1=" " ind2=" " tag="500"><subfield code="a">Published in Cuyahoga Falls, Ohio, Feb. 22-Apr. 4, 1844.</subfield></datafield><datafield ind1=" " ind2=" " tag="500"><subfield code="a">Presbyterian.</subfield></datafield><datafield ind1=" " ind2=" " tag="515"><subfield code="a">Vol. 18, no. 18 (May 2, 1844) misnumbered v. 18, no. 17 (Apr. 25, 1844) on masthead.</subfield></datafield><datafield ind1=" " ind2=" " tag="515"><subfield code="a">Vol. 27, no. 52 misnumbered no. 51.</subfield></datafield><datafield ind1=" " ind2=" " tag="580"><subfield code="a">Issued with: Register (Hudson, Ohio : 1854), Jan. 11, 1854-Aug. 9, 1854.</subfield></datafield><datafield ind1=" " ind2="0" tag="650"><subfield code="a">Presbyterian Church</subfield><subfield code="z">Ohio</subfield><subfield code="v">Newspapers.</subfield></datafield><datafield ind1=" " ind2="0" tag="651"><subfield code="a">Hudson (Ohio)</subfield><subfield code="v">Newspapers.</subfield></datafield><datafield ind1=" " ind2="0" tag="651"><subfield code="a">Cuyahoga Falls (Ohio)</subfield><subfield code="v">Newspapers.</subfield></datafield><datafield ind1=" " ind2="0" tag="651"><subfield code="a">Summit County (Ohio)</subfield><subfield code="v">Newspapers.</subfield></datafield><datafield ind1=" " ind2="7" tag="655"><subfield code="a">Newspapers.</subfield><subfield code="2">fast</subfield><subfield code="0">(OCoLC)fst01423814</subfield></datafield><datafield ind1=" " ind2="7" tag="650"><subfield code="a">Presbyterian Church.</subfield><subfield code="2">fast</subfield><subfield code="0">(OCoLC)fst01075515</subfield></datafield><datafield ind1=" " ind2="7" tag="651"><subfield code="a">Ohio.</subfield><subfield code="2">fast</subfield><subfield code="0">(OCoLC)fst01205075</subfield></datafield><datafield ind1=" " ind2="7" tag="651"><subfield code="a">Ohio</subfield><subfield code="z">Cuyahoga Falls.</subfield><subfield code="2">fast</subfield><subfield code="0">(OCoLC)fst01227137</subfield></datafield><datafield ind1=" " ind2="7" tag="651"><subfield code="a">Ohio</subfield><subfield code="z">Hudson.</subfield><subfield code="2">fast</subfield><subfield code="0">(OCoLC)fst01231298</subfield></datafield><datafield ind1=" " ind2="7" tag="651"><subfield code="a">Ohio</subfield><subfield code="z">Summit County.</subfield><subfield code="2">fast</subfield><subfield code="0">(OCoLC)fst01206643</subfield></datafield><datafield ind1=" " ind2=" " tag="752"><subfield code="a">United States</subfield><subfield code="b">Ohio</subfield><subfield code="c">Summit</subfield><subfield code="d">Hudson.</subfield></datafield><datafield ind1=" " ind2=" " tag="752"><subfield code="a">United States</subfield><subfield code="b">Ohio</subfield><subfield code="c">Summit</subfield><subfield code="d">Cuyahoga Falls.</subfield></datafield><datafield ind1="0" ind2="8" tag="776"><subfield code="i">Online version:</subfield><subfield code="t">Ohio observer (Hudson, Ohio : 1840 : Online)</subfield><subfield code="w">(OCoLC)665868682</subfield></datafield><datafield ind1="1" ind2=" " tag="777"><subfield code="t">Register (Hudson, Ohio : 1854)</subfield><subfield code="w">(DLC)sn 83035068</subfield><subfield code="w">(OCoLC)9429937</subfield></datafield><datafield ind1="0" ind2="0" tag="780"><subfield code="t">Cleveland observer (Cleveland, Ohio : 1837)</subfield><subfield code="w">(DLC)sn 83035066</subfield><subfield code="w">(OCoLC)9408079</subfield></datafield><datafield ind1="0" ind2="4" tag="785"><subfield code="t">New-York evangelist (New York, N.Y. : 1853)</subfield><subfield code="w">(DLC)sn 93058756</subfield><subfield code="w">(OCoLC)27690739</subfield></datafield></record>